<record><leader>00000cas a22000007a 4500</leader><controlfield tag="001">14283051</controlfield><controlfield tag="008">860930d18791879maudn ne      0    0eng  </controlfield><datafield ind1=" " ind2=" " tag="010"><subfield code="a">sn 86071968 </subfield></datafield><datafield ind1=" " ind2=" " tag="040"><subfield code="a">DLC</subfield><subfield code="b">eng</subfield><subfield code="c">DLC</subfield><subfield code="d">OCLCQ</subfield></datafield><datafield ind1=" " ind2=" " tag="042"><subfield code="a">msc</subfield></datafield><datafield ind1="0" ind2="0" tag="050"><subfield code="a">Newspaper 8160-X</subfield></datafield><datafield ind1="0" ind2="0" tag="245"><subfield code="a">Worcester evening star.</subfield></datafield><datafield ind1="1" ind2="3" tag="246"><subfield code="a">Evening star</subfield></datafield><datafield ind1=" " ind2=" " tag="260"><subfield code="a">Worcester [Mass.] :</subfield><subfield code="b">Corbett &amp; Mellen</subfield></datafield><datafield ind1=" " ind2=" " tag="300"><subfield code="a">v. ;</subfield><subfield code="c">51 cm.</subfield></datafield><datafield ind1=" " ind2=" " tag="300"><subfield code="a">Daily (except Sun.)</subfield></datafield><datafield ind1="1" ind2=" " tag="362"><subfield code="a">Began with Apr. 4, 1879 issue; ceased with July 2, 1879 issue.</subfield><subfield code="z">Cf. Gregory, W. Amer. newspapers.</subfield></datafield><datafield ind1=" " ind2=" " tag="588"><subfield code="a">Description based on: Vol. 1, no. 79 (June 25, 1879).</subfield></datafield><datafield ind1="1" ind2=" " tag="700"><subfield code="a">Corbett, F. E.</subfield></datafield><datafield ind1=" " ind2=" " tag="752"><subfield code="a">United States</subfield><subfield code="b">Massachusetts</subfield><subfield code="c">Worcester</subfield><subfield code="d">Worcester.</subfield></datafield><datafield ind1="0" ind2="0" tag="785"><subfield code="t">Daily evening star (Worcester, Mass.)</subfield></datafield><datafield ind1="1" ind2=" " tag="029"><subfield code="a">AU@</subfield><subfield code="b">000025795771</subfield></datafield></record>